@misc{ wiki,
	author = "{Wikipedia contributors}",
	title = "Raspberry Pi --- {Wikipedia}{,} The Free Encyclopedia",
	year = "2020",
	howpublished = "\url{https://en.wikipedia.org/w/index.php?title=Raspberry_Pi&oldid=982325331}",
	note = "[Online; accessed 12-October-2020]"
}


@online{PI,
	Author = {JERRY HILDENBRAND},
	Title = {Raspberry Pi 4 vs. Raspberry Pi 3: Should you upgrade?},
	Year = {2020},
	URL = {https://www.androidcentral.com/raspberry-pi-4-vs-raspberry-pi-3}	
}

@online{pi4vs3,
	Author = {KEVIN WALSETH},
	Title = {Raspberry Pi 4 vs Raspberry Pi 3 “A New Slice of Pi”},
	Year = {2019},
	URL = {https://www.digikey.com/en/maker/blogs/2019/raspberry-pi-4-vs-raspberry-pi-3-a-new-slice-of-pi}	
}

@online{Rpi,
	Author = {Red Hat, Inc.},
	Title = {What is a Raspberry Pi?},
	Year = {2020},
	URL = {https://opensource.com/resources/raspberry-pi}	
}

@online{8,
	Author = {Joel Hans},
	Title = {Why Putting the IoT Into Docker Containers Will Unlock It},
	Year = {2017},
	URL = {https://www.rtinsights.com/docker-containers-for-the-iot/}
}

@online{ cvlc,
  author = {Sylvain Leroux},
  title = {5 Tricks To Get More Out Of VLC Player In Linux},
  year = {May 26, 2019},
  url = {https://itsfoss.com/vlc-pro-tricks-linux}
}

@misc{ cvlc1,
    author = "{Wikipedia contributors}",
    title = "VLC media player --- {Wikipedia}{,} The Free Encyclopedia",
    year = "2020",
    howpublished = "\url{https://en.wikipedia.org/w/index.php?title=VLC_media_player&oldid=979629507}",
    note = "[Online; accessed 12-October-2020]"
  }
  
  @online{webrtc,
	author = "",
	title = "",
	url  = "https://webrtc.org/",
	addendum = "accessed: October 2020"
}

@report{lv,
author = {Lukas Klinger, and Vanessa Christine Krolikowsky},
title = {WebRTC Surveillance Prototype on a Raspberry Pi},
institution = {University of Bamberg},
year = {May 5, 2020},
}

@online{ jn,
  author = {Project Jupyter},
  title = {Jupyter},
  year = {Oct 21, 2020},
  url = {https://jupyter.org}
}

@misc{ mf,
    author = "{Wikipedia contributors}",
    title = "Multimedia framework --- {Wikipedia}{,} The Free Encyclopedia",
    year = "2020",
    howpublished = "\url{https://en.wikipedia.org/w/index.php?title=Multimedia_framework&oldid=971605991}",
    note = "[Online; accessed 27-October-2020]"
  }
  
  @online{mjpgstreamer,
	author = {Tech Vedika.},
	title = {MJPEG Linux Video Streaming and Recording over HTTP},
	year = {2020},
	url = {https://techvedika.com/mjpeg-linux-video-streaming-and-recording-over-http/}
}

@misc{ gstreamer,
    author = "{Wikipedia contributors}",
    title = "GStreamer --- {Wikipedia}{,} The Free Encyclopedia",
    year = "2020",
    howpublished = "\url{https://en.wikipedia.org/w/index.php?title=GStreamer&oldid=982886621}",
    note = "[Online; accessed 27-October-2020]"
  }
  
  @misc{ videocodec,
    author = "{Wikipedia contributors}",
    title = "Video codec --- {Wikipedia}{,} The Free Encyclopedia",
    year = "2020",
    howpublished = "\url{https://en.wikipedia.org/w/index.php?title=Video_codec&oldid=977541076}",
    note = "[Online; accessed 27-October-2020]"
  }
  
  @online{h264,
	author = {Jan Ozer},
	title = {What Is H.264?},
	year = {April 4, 2011},
	url = {https://www.streamingmedia.com/Articles/ReadArticle.aspx?ArticleID=74735}
}

@misc{cadvisor,
  author = {The cAdvisor Authors},
  title = {cadvisor},
  year = {2014},
  publisher = {GitHub},
  journal = {GitHub repository},
  howpublished = {\url{https://github.com/google/cadvisor.git}}
}

@misc{ prometheus,
    author = "{Wikipedia contributors}",
    title = "Prometheus (software) --- {Wikipedia}{,} The Free Encyclopedia",
    year = "2020",
    howpublished = "\url{https://en.wikipedia.org/w/index.php?title=Prometheus_(software)&oldid=984182276}",
    note = "[Online; accessed 28-October-2020]"
  }
